<?xml version="1.0" encoding="UTF-8"?><record xmlns="http://www.loc.gov/MARC21/slim" xmlns:cinclude="http://apache.org/cocoon/include/1.0" xmlns:zs="http://www.loc.gov/zing/srw/">
  <leader>01195cz  a2200229n  4500</leader>
  <controlfield tag="001">no 90011322 </controlfield>
  <controlfield tag="003">DLC</controlfield>
  <controlfield tag="005">20101014075158.0</controlfield>
  <controlfield tag="008">900601n| acannaabn          |b aab     c</controlfield>
  <datafield tag="010" ind1=" " ind2=" ">
    <subfield code="a">no 90011322 </subfield>
    <subfield code="z">n  93041084 </subfield>
  </datafield>
  <datafield tag="035" ind1=" " ind2=" ">
    <subfield code="a">(OCoLC)oca02758059</subfield>
  </datafield>
  <datafield tag="040" ind1=" " ind2=" ">
    <subfield code="a">CLU</subfield>
    <subfield code="b">eng</subfield>
    <subfield code="c">CLU</subfield>
    <subfield code="d">DLC</subfield>
    <subfield code="d">InU</subfield>
  </datafield>
  <datafield tag="100" ind1="1" ind2=" ">
    <subfield code="a">Koi︠a︡lovich, M. O.</subfield>
    <subfield code="q">(Mikhail Osipovich),</subfield>
    <subfield code="d">1828-1891</subfield>
  </datafield>
  <datafield tag="400" ind1="1" ind2=" ">
    <subfield code="a">Коялович, М. О.</subfield>
    <subfield code="q">(Михаил Осипович),</subfield>
    <subfield code="d">1828-1891</subfield>
  </datafield>
  <datafield tag="400" ind1="1" ind2=" ">
    <subfield code="a">Коялович, Михаил Осипович,</subfield>
    <subfield code="d">1828-1891</subfield>
  </datafield>
  <datafield tag="400" ind1="1" ind2=" ">
    <subfield code="a">Koi︠a︡lovich, Mikhail Osipovich,</subfield>
    <subfield code="d">1828-1891</subfield>
  </datafield>
  <datafield tag="400" ind1="1" ind2=" ">
    <subfield code="a">Коялович, Михаил Иосифович,</subfield>
    <subfield code="d">1828-1891</subfield>
  </datafield>
  <datafield tag="400" ind1="1" ind2=" ">
    <subfield code="a">Koi︠a︡lovich, Mikhail Iosifovich,</subfield>
    <subfield code="d">1828-1891</subfield>
  </datafield>
  <datafield tag="667" ind1=" " ind2=" ">
    <subfield code="a">Non-Latin script references not evaluated.</subfield>
  </datafield>
  <datafield tag="670" ind1=" " ind2=" ">
    <subfield code="a">His Istorīi︠a︡ russ. samosoznanīi︠a︡ po ist. pami︠a︡tnikam i nauch. soch., 1893:</subfield>
    <subfield code="b">t.p. (M.O. Koi︠a︡lovicha)</subfield>
  </datafield>
  <datafield tag="670" ind1=" " ind2=" ">
    <subfield code="a">Bolʹsh. sov. ėnt︠s︡ik., 3. izd.</subfield>
    <subfield code="b">(Koi︠a︡lovich, Mikhail Osipovich, 1828-1891)</subfield>
  </datafield>
  <datafield tag="670" ind1=" " ind2=" ">
    <subfield code="a">OCLC, 6-01-90</subfield>
    <subfield code="b">(hdgs.: Koi︠a︡lovich, Mikhail Iosifovich, 1828-1891, Koi︠a︡lovich, Mikhail Osipovich; usages: M. Koi︠a︡lovich, M.O. Koi︠a︡lovich)</subfield>
  </datafield>
</record>